<record><leader>00000cas a22000007a 4500</leader><controlfield tag="001">10333051</controlfield><controlfield tag="008">840124d18671869txudr ne      0    0eng d</controlfield><datafield ind1=" " ind2=" " tag="010"><subfield code="a">sn 84022283 </subfield></datafield><datafield ind1=" " ind2=" " tag="040"><subfield code="a">NPX</subfield><subfield code="b">eng</subfield><subfield code="c">NPX</subfield><subfield code="d">OCLCQ</subfield></datafield><datafield ind1=" " ind2=" " tag="042"><subfield code="a">msc</subfield></datafield><datafield ind1=" " ind2=" " tag="043"><subfield code="a">n-us-tx</subfield></datafield><datafield ind1="0" ind2=" " tag="130"><subfield code="a">Daily dispatch (Galveston, Tex.)</subfield></datafield><datafield ind1="1" ind2="4" tag="245"><subfield code="a">The Daily dispatch.</subfield></datafield><datafield ind1=" " ind2=" " tag="260"><subfield code="a">Galveston, Tex. :</subfield><subfield code="b">[H.J. Labatt]</subfield></datafield><datafield ind1=" " ind2=" " tag="300"><subfield code="a">v.</subfield></datafield><datafield ind1=" " ind2=" " tag="310"><subfield code="a">Daily</subfield></datafield><datafield ind1="1" ind2=" " tag="362"><subfield code="a">Began in 1867; ceased in 1869?</subfield><subfield code="z">Cf. Gregory, W. Amer. newspapers.</subfield></datafield><datafield ind1=" " ind2=" " tag="588"><subfield code="a">Description based on: Vol. 2, no. 29 (Aug. 4, 1868).</subfield></datafield><datafield ind1=" " ind2=" " tag="752"><subfield code="a">United States</subfield><subfield code="b">Texas</subfield><subfield code="c">Galveston</subfield><subfield code="d">Galveston.</subfield></datafield></record>